%% This BibTeX bibliography file was created using BibDesk.
%% http://bibdesk.sourceforge.net/


%% Created for Michael Braun at 2015-02-04 17:20:24 -0600 


%% Saved with string encoding Unicode (UTF-8) 


@string{macro = {definition}}


@article{R_trustOptim,
	Author = {Michael Braun},
	Journal = {Journal of Statistical Software},
	Month = {sep},
	Number = {4},
	Pages = {1-16},
	Title = {{t}rust{O}ptim: An {R} Package for Trust Region Optimization with Sparse Hessians},
	Url = {http://www.jstatsoft.org/v60/i04/},
	Volume = {60},
	Year = {2014}}

@article{BraunDamien2016,
	Author = {Michael Braun and Paul Damien},
	Doi = {10.1287/mksc.2014.0901},
	Journal = {Marketing Science},
	Number = {3},
	Pages = {427-444},
	Title = {Scalable Rejection Sampling for {B}ayesian Hierarchical Models},
	Volume = {35},
	Year = {2016}}


@Manual{R_sparseHessianFD,
	Author = {Michael Braun},
	Title = {{s}parse{H}essian{FD}: An {R} package for estimating sparse Hessians},
	Type = {R package},
	Url = {https://cran.r-project.org/package=sparseHessianFD},
	Version = {0.3.2},
	Year = {2016}}

@article{ChenDavis2008,
	Author = {Chen, Yanqing and Davis, Timothy A and Hager, William W and Rajamanickam, Sivasankaran},
	Doi = {10.1145/1391989.1391995},
	Journal = {ACM Transactions on Mathematical Software},
	Month = oct,
	Number = {3},
	Pages = {1-14},
	Title = {Algorithm 887: CHOLMOD, Supernodal Sparse Cholesky Factorization and Update/Downdate.},
	Volume = {35},
	Year = {2008}}}

@article{DavisHager1999,
	Author = {Davis, Timothy A and Hager, William W},
	Doi = {10.1137/S0895479897321076},
	Journal = {SIAM Journal on Matrix Analysis and Applications},
	Number = {3},
	Pages = {606-627},
	Title = {Modifying a Sparse Cholesky Factorization},
	Volume = {20},
	Year = {1999}}

@article{DavisHager2009,
	Author = {Davis, Timothy A and Hager, William W},
	Date-Added = {2013-09-03T17:13:24GMT},
	Date-Modified = {2014-10-22 16:39:23 +0000},
	Doi = {10.1145/1462173.1462176},
	Journal = {ACM Transactions on Mathematical Software},
	Month = feb,
	Number = {4},
	Pages = {1-23},
	Title = {Dynamic Supernodes in Sparse Cholesky Update/Downdate and Triangular Solves},
	Volume = {35},
	Year = {2009}}

@Manual{R_mvtnorm,
	Author = {Alan Genz and Frank Bretz and Tetsuhisa Miwa and Xuefei Mi and Friedrich Leisch and Fabian Scheipl and Torsten Hothorn},
	Title = {{mvtnorm}: Multivariate Normal and t Distributions},
	Type = {R package},
	Version = {0.9-9994},
	Year = {2012},
	Bdsk-Url-1 = {http://CRAN.R-project.org/package=mvtnorm}}

@book{GolubVanLoan1996,
	Author = {Golub, Gene H and Van Loan, Charles F},
	Edition = {3rd},
	Publisher = {Johns Hopkins University Press},
	Title = {Matrix Computations},
	Year = {1996}}
	
@book{R_MASS,
	Author = {W. N. Venables and B. D. Ripley},
	Booktitle = {Modern Applied Statistics with {S}},
	Edition = {Fourth},
	Location = {New York},
	Publisher = {Springer-Verlag},
	Title = {Modern Applied Statistics with {S}},
	Year = {2002}}

@Manual{R_LaplacesDemon,
	Author = {{Statisticat} and {LLC.}},
	Title = {LaplacesDemon: Complete Environment for Bayesian Inference},
	note = {\proglang{R} package version 16.0.1},
	Url = {https://cran.r-project.org/package=LaplacesDemon},
	Year = {2016}}
	
@Manual{R_Matrix,
	Author = {Douglas Bates and Martin Maechler},
	Title = {\pkg{Matrix}: Sparse and Dense Matrix Classes and Methods},
	note = {\proglang{R} package version 12-4},
	Url = {https://CRAN.R-project.org/package=Matrix},
	Year = {2015}}

